<record><leader>00000cas a2200000 a 4500</leader><controlfield tag="001">16101324</controlfield><controlfield tag="008">870629d19711972nyuwr ne      0    0eng c</controlfield><datafield ind1=" " ind2=" " tag="010"><subfield code="a">sn 87070080 </subfield></datafield><datafield ind1=" " ind2=" " tag="040"><subfield code="a">NYS</subfield><subfield code="b">eng</subfield><subfield code="c">NYS</subfield><subfield code="d">NYG</subfield><subfield code="d">NYS</subfield><subfield code="d">OCLCQ</subfield><subfield code="d">OCLCF</subfield></datafield><datafield ind1="1" ind2=" " tag="029"><subfield code="a">AU@</subfield><subfield code="b">000020472331</subfield></datafield><datafield ind1=" " ind2=" " tag="042"><subfield code="a">pcc</subfield></datafield><datafield ind1=" " ind2=" " tag="043"><subfield code="a">n-us-ny</subfield></datafield><datafield ind1="0" ind2=" " tag="130"><subfield code="a">Register-herald (Millbrook, N.Y.)</subfield></datafield><datafield ind1="1" ind2="4" tag="245"><subfield code="a">The register-herald.</subfield></datafield><datafield ind1=" " ind2=" " tag="260"><subfield code="a">Millbrook, N.Y. :</subfield><subfield code="b">Dymer Communications Inc.,</subfield><subfield code="c">-1972.</subfield></datafield><datafield ind1=" " ind2=" " tag="300"><subfield code="a">v. :</subfield><subfield code="b">ill.</subfield></datafield><datafield ind1=" " ind2=" " tag="310"><subfield code="a">Weekly</subfield></datafield><datafield ind1="1" ind2=" " tag="362"><subfield code="a">Began in 1971?</subfield></datafield><datafield ind1="0" ind2=" " tag="362"><subfield code="a">-Sept. 28, 1972.</subfield></datafield><datafield ind1=" " ind2=" " tag="521"><subfield code="a">Published for Pine Plains, N.Y.</subfield></datafield><datafield ind1=" " ind2=" " tag="580"><subfield code="a">Millbrook ed.: Millbrook round table incorporating the register-herald.</subfield></datafield><datafield ind1=" " ind2=" " tag="588"><subfield code="a">Description based on: Thursday, Apr. 8, 1971.</subfield></datafield><datafield ind1=" " ind2="0" tag="651"><subfield code="a">Pine Plains (N.Y.)</subfield><subfield code="v">Newspapers.</subfield></datafield><datafield ind1=" " ind2="0" tag="651"><subfield code="a">Dutchess County (N.Y.)</subfield><subfield code="v">Newspapers.</subfield></datafield><datafield ind1=" " ind2="7" tag="655"><subfield code="a">Newspapers.</subfield><subfield code="2">fast</subfield><subfield code="0">(OCoLC)fst01423814</subfield></datafield><datafield ind1=" " ind2="7" tag="651"><subfield code="a">New York (State)</subfield><subfield code="z">Dutchess County.</subfield><subfield code="2">fast</subfield><subfield code="0">(OCoLC)fst01207498</subfield></datafield><datafield ind1=" " ind2="7" tag="651"><subfield code="a">New York (State)</subfield><subfield code="z">Pine Plains.</subfield><subfield code="2">fast</subfield><subfield code="0">(OCoLC)fst01253440</subfield></datafield><datafield ind1=" " ind2=" " tag="752"><subfield code="a">United States</subfield><subfield code="b">New York</subfield><subfield code="c">Dutchess</subfield><subfield code="d">Millbrook.</subfield></datafield><datafield ind1=" " ind2=" " tag="752"><subfield code="a">United States</subfield><subfield code="b">New York</subfield><subfield code="c">Dutchess</subfield><subfield code="d">Pine Plains.</subfield></datafield><datafield ind1="1" ind2=" " tag="775"><subfield code="t">Millbrook round table incorporating the register-herald</subfield><subfield code="w">(DLC)sn 87070079</subfield><subfield code="w">(OCoLC)16102010</subfield></datafield><datafield ind1="0" ind2="0" tag="785"><subfield code="t">Pine Plains register-herald (Pine Plains, N.Y. : 1972)</subfield><subfield code="w">(DLC)sn 87070082</subfield><subfield code="w">(OCoLC)16101504</subfield></datafield></record>